@article{pestov2010,
 author = {Pestov, Sviatoslav and Ehrenberg, Daniel and Groff, Joe},
 title = {Factor: a dynamic stack-based programming language},
 journal = {SIGPLAN Not.},
 issue_date = {December 2010},
 volume = {45},
 number = {12},
 month = oct,
 year = {2010},
 issn = {0362-1340},
 pages = {43--58},
 numpages = {16},
 url = {http://doi.acm.org/10.1145/1899661.1869637},
 doi = {10.1145/1899661.1869637},
 acmid = {1869637},
 publisher = {ACM},
 address = {New York, NY, USA},
 keywords = {dynamic languages, factor, stack-based languages},
} 

@inproceedings{HerzbergR09,
  added-at = {2009-09-18T00:00:00.000+0200},
  author = {Herzberg, Dominikus and Reichert, Tim},
  biburl = {http://www.bibsonomy.org/bibtex/2976ec23203ff4b8b810af421f4cf5745/dblp},
  booktitle = {ICSOFT (1)},
  date = {2009-09-18},
  description = {dblp},
  editor = {Shishkov, Boris and Cordeiro, Jos√© and Ranchordas, Alpesh},
  interhash = {6d18f98b8bc4fb8a97da41a39e1a24bc},
  intrahash = {976ec23203ff4b8b810af421f4cf5745},
  isbn = {978-989-674-009-2},
  keywords = {dblp},
  pages = {257-263},
  publisher = {INSTICC Press},
  timestamp = {2009-09-18T00:00:00.000+0200},
  title = {Concatenative Programming - An Overlooked Paradigm in Functional Programming.},
  url = {http://dblp.uni-trier.de/db/conf/icsoft/icsoft2009-1.html#HerzbergR09},
  year = 2009
}